<record xmlns='http://www.loc.gov/MARC21/slim'><leader>01363cim a22003612u 4500</leader><controlfield tag='001'>3601190</controlfield><controlfield tag='005'>20151214182813.0</controlfield><controlfield tag='007'>ss|lmnjluz|nuu</controlfield><controlfield tag='008'>991101s1984    nyunnn         l    eng d</controlfield><datafield ind1=' ' ind2=' ' tag='035'><subfield code='a'>(NIC)notisASF8255</subfield></datafield><datafield ind1=' ' ind2=' ' tag='035'><subfield code='a'>3601190</subfield></datafield><datafield ind1=' ' ind2=' ' tag='035'><subfield code='a'>(OCoLC)63897200</subfield></datafield><datafield ind1=' ' ind2=' ' tag='040'><subfield code='a'>NIC</subfield><subfield code='c'>NIC</subfield><subfield code='d'>NIC</subfield></datafield><datafield ind1='1' ind2=' ' tag='100'><subfield code='a'>Habermas, Jurgen.</subfield></datafield><datafield ind1='1' ind2='4' tag='245'><subfield code='a'>The Triple heritage of Nietzsche</subfield><subfield code='h'>[sound recording]</subfield></datafield><datafield ind1=' ' ind2=' ' tag='260'><subfield code='c'>1984.</subfield></datafield><datafield ind1=' ' ind2=' ' tag='300'><subfield code='a'>1 sound cassette (70 min.) :</subfield><subfield code='b'>analog, mono.</subfield></datafield><datafield ind1=' ' ind2=' ' tag='500'><subfield code='a'>Recorded in Ithaca, NY by Cornell University.</subfield></datafield><datafield ind1=' ' ind2=' ' tag='500'><subfield code='a'>Speaker(s): Professor of sociology at the Frankfurt School, West Germany.</subfield></datafield><datafield ind1=' ' ind2=' ' tag='518'><subfield code='a'>Lecture, September 7, 1984.</subfield></datafield><datafield ind1=' ' ind2=' ' tag='520'><subfield code='a'>Habermas examines Nietzsche&apos;s interpretations of the modernity and postmodernity debate.</subfield></datafield><datafield ind1=' ' ind2='0' tag='650'><subfield code='a'>Philosophy</subfield><subfield code='x'>History</subfield><subfield code='y'>18th and 19th century.</subfield></datafield><datafield ind1=' ' ind2='0' tag='650'><subfield code='a'>Social science</subfield><subfield code='x'>Philosophy.</subfield></datafield><datafield ind1='1' ind2='0' tag='600'><subfield code='a'>Nietzsche, Friedrich Wilhelm,</subfield><subfield code='d'>1844-1900 </subfield></datafield><datafield ind1='1' ind2='7' tag='600'><subfield code='a'>Nietzsche, Friedrich Wilhelm,</subfield><subfield code='d'>1844-1900</subfield><subfield code='2'>fast</subfield><subfield code='0'>(OCoLC)fst00031611</subfield></datafield><datafield ind1=' ' ind2='7' tag='648'><subfield code='a'>1700 - 1899</subfield><subfield code='2'>fast</subfield></datafield><datafield ind1=' ' ind2='7' tag='650'><subfield code='a'>Philosophy</subfield><subfield code='2'>fast</subfield><subfield code='0'>(OCoLC)fst01060777</subfield></datafield><datafield ind1=' ' ind2='7' tag='655'><subfield code='a'>History</subfield><subfield code='2'>fast</subfield><subfield code='0'>(OCoLC)fst01411628</subfield></datafield><datafield ind1=' ' ind2='4' tag='830'><subfield code='a'>The philosophical discourse on modernity and postmodernity.</subfield></datafield><datafield ind1=' ' ind2='0' tag='830'><subfield code='a'>Messenger lectures.</subfield></datafield><datafield ind1='1' ind2=' ' tag='899'><subfield code='a'>CULectures</subfield></datafield><datafield ind1=' ' ind2=' ' tag='905'><subfield code='a'>20000508120000.0</subfield></datafield><datafield ind1='2' ind2=' ' tag='948'><subfield code='a'>20141221</subfield><subfield code='b'>m</subfield><subfield code='d'>batch</subfield><subfield code='e'>lts</subfield><subfield code='x'>addfast</subfield></datafield></record>